<collection xmlns="http://www.loc.gov/MARC21/slim">
<record>
  <leader>01135nam0a2200229 i 450 </leader>
  <controlfield tag="001">IT\ICCU\CNCE\071078</controlfield>
  <controlfield tag="005">20090416000000.0</controlfield>
  <datafield tag="012" ind1=" " ind2=" ">
    <subfield code="a">medi deel sii- a,la (C) 1577 (R)</subfield>
    <subfield code="2">fei</subfield>
  </datafield>
  <datafield tag="100" ind1=" " ind2=" ">
    <subfield code="a">20070618d1577        0itac0103    ba</subfield>
  </datafield>
  <datafield tag="101" ind1=" " ind2=" ">
    <subfield code="a">ITA</subfield>
  </datafield>
  <datafield tag="102" ind1=" " ind2=" ">
    <subfield code="a">IT</subfield>
  </datafield>
  <datafield tag="200" ind1="1" ind2=" ">
    <subfield code="a">Instituto dell&apos;oratione commune da farsi ogni sera in ciascuna casa con tutta la famiglia, nella citta, &amp; diocese di Perugia. Con copia del Breue tradotto in volgare della santit ̉di n. sig. Gregorio XIII. fatto sopra la detta oratione. Et con l&apos;indulgenze, che vanno accompagnate con essa, &amp; modo di conseguirle</subfield>
  </datafield>
  <datafield tag="210" ind1=" " ind2=" ">
    <subfield code="a">In Perugia</subfield>
    <subfield code="c">per Baldo Saluiani stampatore episcopale</subfield>
    <subfield code="d">1577</subfield>
  </datafield>
  <datafield tag="215" ind1=" " ind2=" ">
    <subfield code="a">\4! c.</subfield>
    <subfield code="d">4ʻ</subfield>
  </datafield>
  <datafield tag="620" ind1=" " ind2=" ">
    <subfield code="a">IT</subfield>
    <subfield code="d">Perugia</subfield>
  </datafield>
  <datafield tag="710" ind1="0" ind2="2">
    <subfield code="a">Perugia</subfield>
    <subfield code="c"> &lt;Diocesi&gt;</subfield>
    <subfield code="3">IT\ICCU\CNCT\006569</subfield>
  </datafield>
  <datafield tag="712" ind1="0" ind2="0">
    <subfield code="a">Salviani, Baldo</subfield>
    <subfield code="3">IT\ICCU\CNCT\000412</subfield>
    <subfield code="4">650</subfield>
  </datafield>
  <datafield tag="791" ind1="0" ind2="0">
    <subfield code="a">Salviani, Baldassarre</subfield>
    <subfield code="3">IT\ICCU\CNCT\002595</subfield>
    <subfield code="z">Salviani, Baldo</subfield>
  </datafield>
  <datafield tag="791" ind1="0" ind2="0">
    <subfield code="a">Salvianus, Baldus</subfield>
    <subfield code="3">IT\ICCU\CNCT\005542</subfield>
    <subfield code="z">Salviani, Baldo</subfield>
  </datafield>
  <datafield tag="791" ind1="0" ind2="0">
    <subfield code="a">Salvianus, Balthassar</subfield>
    <subfield code="3">IT\ICCU\CNCT\005543</subfield>
    <subfield code="z">Salviani, Baldo</subfield>
  </datafield>
  <datafield tag="801" ind1=" " ind2="3">
    <subfield code="a">IT</subfield>
    <subfield code="b">ICCU</subfield>
    <subfield code="c">20201115</subfield>
  </datafield>
  <datafield tag="899" ind1=" " ind2=" ">
    <subfield code="a">Biblioteca comunale Augusta. Perugia</subfield>
    <subfield code="1">PG0109</subfield>
    <subfield code="2">UM1 01</subfield>
  </datafield>
</record>
</collection>
